@ARTICLE{2012ApJ...753....9V,
       author = {{van der Marel}, Roeland P. and {Besla}, Gurtina and {Cox}, T.~J. and {Sohn}, Sangmo Tony and {Anderson}, Jay},
        title = "{The M31 Velocity Vector. III. Future Milky Way M31-M33 Orbital Evolution, Merging, and Fate of the Sun}",
      journal = {\apj},
     keywords = {galaxies: individual: M31, galaxies: kinematics and dynamics, Local Group, proper motions, Astrophysics - Galaxy Astrophysics},
         year = 2012,
        month = jul,
       volume = {753},
       number = {1},
          eid = {9},
        pages = {9},
          doi = {10.1088/0004-637X/753/1/9},
archivePrefix = {arXiv},
       eprint = {1205.6865},
 primaryClass = {astro-ph.GA},
       adsurl = {https://ui.adsabs.harvard.edu/abs/2012ApJ...753....9V},
      adsnote = {Provided by the SAO/NASA Astrophysics Data System}
}

@ARTICLE{2006ApJ...642L.137B,
       author = {{Belokurov}, V. and {Zucker}, D.~B. and {Evans}, N.~W. and {Gilmore}, G. and {Vidrih}, S. and {Bramich}, D.~M. and {Newberg}, H.~J. and {Wyse}, R.~F.~G. and {Irwin}, M.~J. and {Fellhauer}, M. and {Hewett}, P.~C. and {Walton}, N.~A. and {Wilkinson}, M.~I. and {Cole}, N. and {Yanny}, B. and {Rockosi}, C.~M. and {Beers}, T.~C. and {Bell}, E.~F. and {Brinkmann}, J. and {Ivezi{\'c}}, {\v{Z}}. and {Lupton}, R.},
        title = "{The Field of Streams: Sagittarius and Its Siblings}",
      journal = {\apjl},
     keywords = {Galaxies: Individual: Name: Sagittarius dSph, Galaxies: Kinematics and Dynamics, Galaxies: Structure, Galaxy: Halo, Galaxies: Local Group, Astrophysics},
         year = 2006,
        month = may,
       volume = {642},
       number = {2},
        pages = {L137-L140},
          doi = {10.1086/504797},
archivePrefix = {arXiv},
       eprint = {astro-ph/0605025},
 primaryClass = {astro-ph},
       adsurl = {https://ui.adsabs.harvard.edu/abs/2006ApJ...642L.137B},
      adsnote = {Provided by the SAO/NASA Astrophysics Data System}
}

@ARTICLE{2014ApJ...787...19M,
       author = {{Martin}, Nicolas F. and {Ibata}, Rodrigo A. and {Rich}, R. Michael and {Collins}, Michelle L.~M. and {Fardal}, Mark A. and {Irwin}, Michael J. and {Lewis}, Geraint F. and {McConnachie}, Alan W. and {Babul}, Arif and {Bate}, Nicholas F. and {Chapman}, Scott C. and {Conn}, Anthony R. and {Crnojevi{\'c}}, Denija and {Ferguson}, Annette M.~N. and {Mackey}, A. Dougal and {Navarro}, Julio F. and {Pe{\~n}arrubia}, Jorge and {Tanvir}, Nial T. and {Valls-Gabaud}, David},
        title = "{The PAndAS Field of Streams: Stellar Structures in the Milky Way Halo toward Andromeda and Triangulum}",
      journal = {\apj},
     keywords = {Galaxy: halo, Galaxy: structure, Local Group, Astrophysics - Astrophysics of Galaxies},
         year = 2014,
        month = may,
       volume = {787},
       number = {1},
          eid = {19},
        pages = {19},
          doi = {10.1088/0004-637X/787/1/19},
archivePrefix = {arXiv},
       eprint = {1403.4945},
 primaryClass = {astro-ph.GA},
       adsurl = {https://ui.adsabs.harvard.edu/abs/2014ApJ...787...19M},
      adsnote = {Provided by the SAO/NASA Astrophysics Data System}
}

@ARTICLE{1996ApJ...462..576D,
       author = {{Dubinski}, John and {Mihos}, J. Christopher and {Hernquist}, Lars},
        title = "{Using Tidal Tails to Probe Dark Matter Halos}",
      journal = {\apj},
     keywords = {COSMOLOGY: DARK MATTER, GALAXIES: HALOS, GALAXIES: INTERACTIONS, GALAXIES: STRUCTURE, Astrophysics},
         year = 1996,
        month = may,
       volume = {462},
        pages = {576},
          doi = {10.1086/177174},
archivePrefix = {arXiv},
       eprint = {astro-ph/9509010},
 primaryClass = {astro-ph},
       adsurl = {https://ui.adsabs.harvard.edu/abs/1996ApJ...462..576D},
      adsnote = {Provided by the SAO/NASA Astrophysics Data System}
}

@ARTICLE{2008MNRAS.386..461C,
       author = {{Cox}, T.~J. and {Loeb}, Abraham},
        title = "{The collision between the Milky Way and Andromeda}",
      journal = {\mnras},
     keywords = {methods: N-body simulations, Galaxy: evolution, galaxies: evolution, galaxies: formation, galaxies: interactions, Local Group, Astrophysics},
         year = 2008,
        month = may,
       volume = {386},
       number = {1},
        pages = {461-474},
          doi = {10.1111/j.1365-2966.2008.13048.x},
archivePrefix = {arXiv},
       eprint = {0705.1170},
 primaryClass = {astro-ph},
       adsurl = {https://ui.adsabs.harvard.edu/abs/2008MNRAS.386..461C},
      adsnote = {Provided by the SAO/NASA Astrophysics Data System}
}

@INPROCEEDINGS{2015IAUS..311....1V,
       author = {{van der Marel}, Roeland P.},
        title = "{Local Group Proper Motion Dynamics}",
     keywords = {Astrophysics - Astrophysics of Galaxies},
    booktitle = {Galaxy Masses as Constraints of Formation Models},
         year = 2015,
       editor = {{Cappellari}, Michele and {Courteau}, St{\'e}phane},
       volume = {311},
        month = apr,
        pages = {1-10},
          doi = {10.1017/S1743921315003294},
archivePrefix = {arXiv},
       eprint = {1409.6733},
 primaryClass = {astro-ph.GA},
       adsurl = {https://ui.adsabs.harvard.edu/abs/2015IAUS..311....1V},
      adsnote = {Provided by the SAO/NASA Astrophysics Data System}
}

@ARTICLE{2012ApJ...753....8V,
       author = {{van der Marel}, Roeland P. and {Fardal}, Mark and {Besla}, Gurtina and {Beaton}, Rachael L. and {Sohn}, Sangmo Tony and {Anderson}, Jay and {Brown}, Tom and {Guhathakurta}, Puragra},
        title = "{The M31 Velocity Vector. II. Radial Orbit toward the Milky Way and Implied Local Group Mass}",
      journal = {\apj},
     keywords = {galaxies: individual: M31, galaxies: kinematics and dynamics, Local Group, proper motions, Astrophysics - Galaxy Astrophysics},
         year = 2012,
        month = jul,
       volume = {753},
       number = {1},
          eid = {8},
        pages = {8},
          doi = {10.1088/0004-637X/753/1/8},
archivePrefix = {arXiv},
       eprint = {1205.6864},
 primaryClass = {astro-ph.GA},
       adsurl = {https://ui.adsabs.harvard.edu/abs/2012ApJ...753....8V},
      adsnote = {Provided by the SAO/NASA Astrophysics Data System}
}


@ARTICLE{2012MNRAS.426.2089R,
       author = {{Ro{\v{s}}kar}, Rok and {Debattista}, Victor P. and {Quinn}, Thomas R. and {Wadsley}, James},
        title = "{Radial migration in disc galaxies - I. Transient spiral structure and dynamics}",
      journal = {\mnras},
     keywords = {galaxies: evolution, galaxies: formation, galaxies: kinematics and dynamics, galaxies: spiral, galaxies: structure, Astrophysics - Galaxy Astrophysics, Astrophysics - Cosmology and Extragalactic Astrophysics},
         year = 2012,
        month = nov,
       volume = {426},
       number = {3},
        pages = {2089-2106},
          doi = {10.1111/j.1365-2966.2012.21860.x},
archivePrefix = {arXiv},
       eprint = {1110.4413},
 primaryClass = {astro-ph.GA},
       adsurl = {https://ui.adsabs.harvard.edu/abs/2012MNRAS.426.2089R},
      adsnote = {Provided by the SAO/NASA Astrophysics Data System}
}

@ARTICLE{2012ApJ...746..108T,
       author = {{Torrey}, Paul and {Cox}, T.~J. and {Kewley}, Lisa and {Hernquist}, Lars},
        title = "{The Metallicity Evolution of Interacting Galaxies}",
      journal = {\apj},
     keywords = {galaxies: abundances, galaxies: evolution, galaxies: interactions, galaxies: ISM, Astrophysics - Astrophysics of Galaxies, Astrophysics - Cosmology and Nongalactic Astrophysics},
         year = 2012,
        month = feb,
       volume = {746},
       number = {1},
          eid = {108},
        pages = {108},
          doi = {10.1088/0004-637X/746/1/108},
archivePrefix = {arXiv},
       eprint = {1107.0001},
 primaryClass = {astro-ph.GA},
       adsurl = {https://ui.adsabs.harvard.edu/abs/2012ApJ...746..108T},
      adsnote = {Provided by the SAO/NASA Astrophysics Data System}
}

@BOOK{2007gitu.book.....S,
       author = {{Sparke}, Linda S. and {Gallagher}, John S., III},
        title = "{Galaxies in the Universe: An Introduction}",
         year = 2007,
         publisher = "Cambridge University Press",
       adsurl = {https://ui.adsabs.harvard.edu/abs/2007gitu.book.....S},
      adsnote = {Provided by the SAO/NASA Astrophysics Data System}
}

@ARTICLE{2018MNRAS.478..611B,
       author = {{Belokurov}, V. and {Erkal}, D. and {Evans}, N.~W. and {Koposov}, S.~E. and {Deason}, A.~J.},
        title = "{Co-formation of the disc and the stellar halo}",
      journal = {\mnras},
     keywords = {galaxies: dwarf, Local Group, galaxies: structure, Astrophysics - Astrophysics of Galaxies},
         year = 2018,
        month = jul,
       volume = {478},
       number = {1},
        pages = {611-619},
          doi = {10.1093/mnras/sty982},
archivePrefix = {arXiv},
       eprint = {1802.03414},
 primaryClass = {astro-ph.GA},
       adsurl = {https://ui.adsabs.harvard.edu/abs/2018MNRAS.478..611B},
      adsnote = {Provided by the SAO/NASA Astrophysics Data System}
}

@ARTICLE{2017PASP..129e8002P,
       author = {{Pomar{\`e}de}, Daniel and {Courtois}, H{\'e}l{\`e}ne M. and {Hoffman}, Yehuda and {Tully}, R. Brent},
        title = "{Cosmography and Data Visualization}",
      journal = {\pasp},
     keywords = {Astrophysics - Cosmology and Nongalactic Astrophysics},
         year = 2017,
        month = may,
       volume = {129},
       number = {975},
        pages = {058002},
          doi = {10.1088/1538-3873/aa5b73},
archivePrefix = {arXiv},
       eprint = {1702.01941},
 primaryClass = {astro-ph.CO},
       adsurl = {https://ui.adsabs.harvard.edu/abs/2017PASP..129e8002P},
      adsnote = {Provided by the SAO/NASA Astrophysics Data System}
}

@ARTICLE{2017PASP..129e8007R,
       author = {{Rector}, Travis A. and {Levay}, Zoltan G. and {Frattare}, Lisa M. and {Arcand}, Kimberly K. and {Watzke}, Megan},
        title = "{The Aesthetics of Astrophysics: How to Make Appealing Color-composite Images that Convey the Science}",
      journal = {\pasp},
     keywords = {Astrophysics - Instrumentation and Methods for Astrophysics},
         year = 2017,
        month = may,
       volume = {129},
       number = {975},
        pages = {058007},
          doi = {10.1088/1538-3873/aa5457},
archivePrefix = {arXiv},
       eprint = {1703.00490},
 primaryClass = {astro-ph.IM},
       adsurl = {https://ui.adsabs.harvard.edu/abs/2017PASP..129e8007R},
      adsnote = {Provided by the SAO/NASA Astrophysics Data System}
}

@ARTICLE{2012ApJ...753....7S,
       author = {{Sohn}, Sangmo Tony and {Anderson}, Jay and {van der Marel}, Roeland P.},
        title = "{The M31 Velocity Vector. I. Hubble Space Telescope Proper-motion Measurements}",
      journal = {\apj},
     keywords = {galaxies: individual: M31, galaxies: kinematics and dynamics, Local Group, proper motions, Astrophysics - Galaxy Astrophysics},
         year = 2012,
        month = jul,
       volume = {753},
       number = {1},
          eid = {7},
        pages = {7},
          doi = {10.1088/0004-637X/753/1/7},
archivePrefix = {arXiv},
       eprint = {1205.6863},
 primaryClass = {astro-ph.GA},
       adsurl = {https://ui.adsabs.harvard.edu/abs/2012ApJ...753....7S},
      adsnote = {Provided by the SAO/NASA Astrophysics Data System}
}

@ARTICLE{2012AJ....144...76W,
       author = {{Willman}, B. and {Strader}, J.},
        title = "{``Galaxy,'' Defined}",
      journal = {\aj},
     keywords = {galaxies: dwarf, galaxies: kinematics and dynamics, galaxies: star clusters: general, Astrophysics - Cosmology and Nongalactic Astrophysics, Astrophysics - Astrophysics of Galaxies},
         year = 2012,
        month = sep,
       volume = {144},
       number = {3},
          eid = {76},
        pages = {76},
          doi = {10.1088/0004-6256/144/3/76},
archivePrefix = {arXiv},
       eprint = {1203.2608},
 primaryClass = {astro-ph.CO},
       adsurl = {https://ui.adsabs.harvard.edu/abs/2012AJ....144...76W},
      adsnote = {Provided by the SAO/NASA Astrophysics Data System}
}

@ARTICLE{1990ApJ...356..359H,
       author = {{Hernquist}, Lars},
        title = "{An Analytical Model for Spherical Galaxies and Bulges}",
      journal = {\apj},
     keywords = {Computational Astrophysics, Elliptical Galaxies, Galactic Bulge, Galactic Structure, Astronomical Models, Astronomical Photometry, Brightness Distribution, Distribution Functions, Astrophysics, GALAXIES: PHOTOMETRY, GALAXIES: STRUCTURE},
         year = 1990,
        month = jun,
       volume = {356},
        pages = {359},
          doi = {10.1086/168845},
       adsurl = {https://ui.adsabs.harvard.edu/abs/1990ApJ...356..359H},
      adsnote = {Provided by the SAO/NASA Astrophysics Data System}
}

