@ARTICLE{2012ApJ...753....9V,
       author = {{van der Marel}, Roeland P. and {Besla}, Gurtina and {Cox}, T.~J. and {Sohn}, Sangmo Tony and {Anderson}, Jay},
        title = "{The M31 Velocity Vector. III. Future Milky Way M31-M33 Orbital Evolution, Merging, and Fate of the Sun}",
      journal = {\apj},
     keywords = {galaxies: individual: M31, galaxies: kinematics and dynamics, Local Group, proper motions, Astrophysics - Galaxy Astrophysics},
         year = 2012,
        month = jul,
       volume = {753},
       number = {1},
          eid = {9},
        pages = {9},
          doi = {10.1088/0004-637X/753/1/9},
archivePrefix = {arXiv},
       eprint = {1205.6865},
 primaryClass = {astro-ph.GA},
       adsurl = {https://ui.adsabs.harvard.edu/abs/2012ApJ...753....9V},
      adsnote = {Provided by the SAO/NASA Astrophysics Data System}
}

@ARTICLE{2006ApJ...642L.137B,
       author = {{Belokurov}, V. and {Zucker}, D.~B. and {Evans}, N.~W. and {Gilmore}, G. and {Vidrih}, S. and {Bramich}, D.~M. and {Newberg}, H.~J. and {Wyse}, R.~F.~G. and {Irwin}, M.~J. and {Fellhauer}, M. and {Hewett}, P.~C. and {Walton}, N.~A. and {Wilkinson}, M.~I. and {Cole}, N. and {Yanny}, B. and {Rockosi}, C.~M. and {Beers}, T.~C. and {Bell}, E.~F. and {Brinkmann}, J. and {Ivezi{\'c}}, {\v{Z}}. and {Lupton}, R.},
        title = "{The Field of Streams: Sagittarius and Its Siblings}",
      journal = {\apjl},
     keywords = {Galaxies: Individual: Name: Sagittarius dSph, Galaxies: Kinematics and Dynamics, Galaxies: Structure, Galaxy: Halo, Galaxies: Local Group, Astrophysics},
         year = 2006,
        month = may,
       volume = {642},
       number = {2},
        pages = {L137-L140},
          doi = {10.1086/504797},
archivePrefix = {arXiv},
       eprint = {astro-ph/0605025},
 primaryClass = {astro-ph},
       adsurl = {https://ui.adsabs.harvard.edu/abs/2006ApJ...642L.137B},
      adsnote = {Provided by the SAO/NASA Astrophysics Data System}
}

@ARTICLE{2014ApJ...787...19M,
       author = {{Martin}, Nicolas F. and {Ibata}, Rodrigo A. and {Rich}, R. Michael and {Collins}, Michelle L.~M. and {Fardal}, Mark A. and {Irwin}, Michael J. and {Lewis}, Geraint F. and {McConnachie}, Alan W. and {Babul}, Arif and {Bate}, Nicholas F. and {Chapman}, Scott C. and {Conn}, Anthony R. and {Crnojevi{\'c}}, Denija and {Ferguson}, Annette M.~N. and {Mackey}, A. Dougal and {Navarro}, Julio F. and {Pe{\~n}arrubia}, Jorge and {Tanvir}, Nial T. and {Valls-Gabaud}, David},
        title = "{The PAndAS Field of Streams: Stellar Structures in the Milky Way Halo toward Andromeda and Triangulum}",
      journal = {\apj},
     keywords = {Galaxy: halo, Galaxy: structure, Local Group, Astrophysics - Astrophysics of Galaxies},
         year = 2014,
        month = may,
       volume = {787},
       number = {1},
          eid = {19},
        pages = {19},
          doi = {10.1088/0004-637X/787/1/19},
archivePrefix = {arXiv},
       eprint = {1403.4945},
 primaryClass = {astro-ph.GA},
       adsurl = {https://ui.adsabs.harvard.edu/abs/2014ApJ...787...19M},
      adsnote = {Provided by the SAO/NASA Astrophysics Data System}
}

@ARTICLE{1996ApJ...462..576D,
       author = {{Dubinski}, John and {Mihos}, J. Christopher and {Hernquist}, Lars},
        title = "{Using Tidal Tails to Probe Dark Matter Halos}",
      journal = {\apj},
     keywords = {COSMOLOGY: DARK MATTER, GALAXIES: HALOS, GALAXIES: INTERACTIONS, GALAXIES: STRUCTURE, Astrophysics},
         year = 1996,
        month = may,
       volume = {462},
        pages = {576},
          doi = {10.1086/177174},
archivePrefix = {arXiv},
       eprint = {astro-ph/9509010},
 primaryClass = {astro-ph},
       adsurl = {https://ui.adsabs.harvard.edu/abs/1996ApJ...462..576D},
      adsnote = {Provided by the SAO/NASA Astrophysics Data System}
}

@ARTICLE{2008MNRAS.386..461C,
       author = {{Cox}, T.~J. and {Loeb}, Abraham},
        title = "{The collision between the Milky Way and Andromeda}",
      journal = {\mnras},
     keywords = {methods: N-body simulations, Galaxy: evolution, galaxies: evolution, galaxies: formation, galaxies: interactions, Local Group, Astrophysics},
         year = 2008,
        month = may,
       volume = {386},
       number = {1},
        pages = {461-474},
          doi = {10.1111/j.1365-2966.2008.13048.x},
archivePrefix = {arXiv},
       eprint = {0705.1170},
 primaryClass = {astro-ph},
       adsurl = {https://ui.adsabs.harvard.edu/abs/2008MNRAS.386..461C},
      adsnote = {Provided by the SAO/NASA Astrophysics Data System}
}

@INPROCEEDINGS{2015IAUS..311....1V,
       author = {{van der Marel}, Roeland P.},
        title = "{Local Group Proper Motion Dynamics}",
     keywords = {Astrophysics - Astrophysics of Galaxies},
    booktitle = {Galaxy Masses as Constraints of Formation Models},
         year = 2015,
       editor = {{Cappellari}, Michele and {Courteau}, St{\'e}phane},
       volume = {311},
        month = apr,
        pages = {1-10},
          doi = {10.1017/S1743921315003294},
archivePrefix = {arXiv},
       eprint = {1409.6733},
 primaryClass = {astro-ph.GA},
       adsurl = {https://ui.adsabs.harvard.edu/abs/2015IAUS..311....1V},
      adsnote = {Provided by the SAO/NASA Astrophysics Data System}
}

@ARTICLE{2012ApJ...753....8V,
       author = {{van der Marel}, Roeland P. and {Fardal}, Mark and {Besla}, Gurtina and {Beaton}, Rachael L. and {Sohn}, Sangmo Tony and {Anderson}, Jay and {Brown}, Tom and {Guhathakurta}, Puragra},
        title = "{The M31 Velocity Vector. II. Radial Orbit toward the Milky Way and Implied Local Group Mass}",
      journal = {\apj},
     keywords = {galaxies: individual: M31, galaxies: kinematics and dynamics, Local Group, proper motions, Astrophysics - Galaxy Astrophysics},
         year = 2012,
        month = jul,
       volume = {753},
       number = {1},
          eid = {8},
        pages = {8},
          doi = {10.1088/0004-637X/753/1/8},
archivePrefix = {arXiv},
       eprint = {1205.6864},
 primaryClass = {astro-ph.GA},
       adsurl = {https://ui.adsabs.harvard.edu/abs/2012ApJ...753....8V},
      adsnote = {Provided by the SAO/NASA Astrophysics Data System}
}
